<record><leader>00000cas a22000007a 4500</leader><controlfield tag="001">19654476</controlfield><controlfield tag="008">890504c19uu9999couwr ne      0    0eng d</controlfield><datafield ind1=" " ind2=" " tag="010"><subfield code="a">sn 89052111 </subfield></datafield><datafield ind1=" " ind2=" " tag="040"><subfield code="a">CNQ</subfield><subfield code="b">eng</subfield><subfield code="c">CNQ</subfield><subfield code="d">DAD</subfield><subfield code="d">OCLCQ</subfield><subfield code="d">OCLCF</subfield><subfield code="d">OCLCO</subfield></datafield><datafield ind1=" " ind2=" " tag="042"><subfield code="a">msc</subfield></datafield><datafield ind1="0" ind2="4" tag="245"><subfield code="a">The Eastern Colorado news.</subfield></datafield><datafield ind1="3" ind2="0" tag="246"><subfield code="a">Eastern Colorado weekly news</subfield></datafield><datafield ind1=" " ind2=" " tag="260"><subfield code="a">Strasburg, Adams County, Colo. :</subfield><subfield code="b">Jerry Brock and James Adkins, Sr.</subfield></datafield><datafield ind1=" " ind2=" " tag="300"><subfield code="a">v.</subfield></datafield><datafield ind1=" " ind2=" " tag="310"><subfield code="a">Weekly</subfield></datafield><datafield ind1=" " ind2=" " tag="500"><subfield code="a">Published as: Eastern Colorado weekly news, Jan. 6, 1983-Jan. 27, 1983.</subfield></datafield><datafield ind1=" " ind2=" " tag="530"><subfield code="a">Available on microfilm from the Colorado Historical Society.</subfield></datafield><datafield ind1=" " ind2=" " tag="588"><subfield code="a">Description based on: Vol. 27, no. 39 (Dec. 18, 1941).</subfield></datafield><datafield ind1="2" ind2="0" tag="610"><subfield code="a">Douglas County History Research Center (Colo.)</subfield></datafield><datafield ind1="2" ind2="7" tag="610"><subfield code="a">Douglas County History Research Center (Colo.)</subfield><subfield code="2">fast</subfield><subfield code="0">(OCoLC)fst01640199</subfield></datafield><datafield ind1=" " ind2=" " tag="752"><subfield code="a">United States</subfield><subfield code="b">Colorado</subfield><subfield code="c">Adams</subfield><subfield code="d">Strasburg.</subfield></datafield><datafield ind1=" " ind2=" " tag="752"><subfield code="a">United States</subfield><subfield code="b">Colorado</subfield><subfield code="c">Arapahoe</subfield><subfield code="d">Strasburg.</subfield></datafield></record>